<?xml version="1.0" encoding="UTF-8"?><record xmlns="http://www.loc.gov/MARC21/slim" xmlns:cinclude="http://apache.org/cocoon/include/1.0" xmlns:zs="http://www.loc.gov/zing/srw/">
  <leader>01832cz  a2200337n  4500</leader>
  <controlfield tag="001">nr 97011452 </controlfield>
  <controlfield tag="003">DLC</controlfield>
  <controlfield tag="005">20141225073643.0</controlfield>
  <controlfield tag="008">970325n| azannaabn          |a aaa     c</controlfield>
  <datafield tag="010" ind1=" " ind2=" ">
    <subfield code="a">nr 97011452 </subfield>
  </datafield>
  <datafield tag="035" ind1=" " ind2=" ">
    <subfield code="a">(OCoLC)oca04306877</subfield>
  </datafield>
  <datafield tag="040" ind1=" " ind2=" ">
    <subfield code="a">NIC</subfield>
    <subfield code="b">eng</subfield>
    <subfield code="e">rda</subfield>
    <subfield code="c">NIC</subfield>
    <subfield code="d">OCoLC</subfield>
    <subfield code="d">DLC</subfield>
    <subfield code="d">IEN</subfield>
  </datafield>
  <datafield tag="100" ind1="1" ind2=" ">
    <subfield code="a">Vivar Anaya, Judith</subfield>
  </datafield>
  <datafield tag="370" ind1=" " ind2=" ">
    <subfield code="f">Amazonas (Peru)</subfield>
    <subfield code="2">naf</subfield>
  </datafield>
  <datafield tag="370" ind1=" " ind2=" ">
    <subfield code="f">Lima (Peru)</subfield>
    <subfield code="2">naf</subfield>
  </datafield>
  <datafield tag="370" ind1=" " ind2=" ">
    <subfield code="f">Indiana</subfield>
    <subfield code="2">naf</subfield>
  </datafield>
  <datafield tag="372" ind1=" " ind2=" ">
    <subfield code="a">Legal medicine</subfield>
    <subfield code="a">Forensic sciences</subfield>
  </datafield>
  <datafield tag="373" ind1=" " ind2=" ">
    <subfield code="a">Universidad del Cuzco</subfield>
    <subfield code="2">naf</subfield>
  </datafield>
  <datafield tag="373" ind1=" " ind2=" ">
    <subfield code="a">Indiana University</subfield>
    <subfield code="2">naf</subfield>
  </datafield>
  <datafield tag="373" ind1=" " ind2=" ">
    <subfield code="a">Universidad Ricardo Palma</subfield>
    <subfield code="2">naf</subfield>
  </datafield>
  <datafield tag="373" ind1=" " ind2=" ">
    <subfield code="a">Universidad Nacional Mayor de San Marcos. Facultad de Ciencias Histórico Sociales</subfield>
  </datafield>
  <datafield tag="373" ind1=" " ind2=" ">
    <subfield code="a">Pontificia Universidad Católica del Perú</subfield>
    <subfield code="2">naf</subfield>
  </datafield>
  <datafield tag="373" ind1=" " ind2=" ">
    <subfield code="a">Universidad Cayetano Heredia. Facultad de Ciencias Biológicas y Medicina Humana</subfield>
  </datafield>
  <datafield tag="374" ind1=" " ind2=" ">
    <subfield code="a">Professor</subfield>
  </datafield>
  <datafield tag="374" ind1=" " ind2=" ">
    <subfield code="a">Anthropologist</subfield>
  </datafield>
  <datafield tag="375" ind1=" " ind2=" ">
    <subfield code="a">female</subfield>
  </datafield>
  <datafield tag="377" ind1=" " ind2=" ">
    <subfield code="a">spa</subfield>
  </datafield>
  <datafield tag="378" ind1=" " ind2=" ">
    <subfield code="q">Judith E.</subfield>
  </datafield>
  <datafield tag="400" ind1="1" ind2=" ">
    <subfield code="a">Anaya, Judith Vivar</subfield>
  </datafield>
  <datafield tag="670" ind1=" " ind2=" ">
    <subfield code="a">Restos humanos de Huacas Pando, 1995:</subfield>
    <subfield code="b">t.p. (Judith Vivar Anaya)</subfield>
  </datafield>
  <datafield tag="670" ind1=" " ind2=" ">
    <subfield code="a">Indumentaria, tocado y adorno en las poblaciones nativas de la Amazonía peruana, 2014:</subfield>
    <subfield code="b">title page (Judith Vivar Anaya) page 15, etc. (anthropologist who has done field work in the Peruvian Amazon region; studied anthropology at the Universidad del Cuzco; master's from the Indiana University; diplomado in legal medicine and forensic sciences, Facultad de Medicina, Universidad Ricardo Palma; professor formerly affiliated with the Pontificia Universidad Católica del Perú, the Facultad de Ciencias Biológicas y Medicina Humana, Universidad Cayetano Heredia, the Facultad de Ciencias Histórico Sociales, Universidad Nacional Mayor de San Marcos and the Universidad Ricardo Palma; bibliography: Vivar Anaya, Judith E.)</subfield>
  </datafield>
</record>